@article{RN5,
   author = {Chitta, S. and Jones, E. G. and Ciocarlie, M. and Hsiao, K.},
   title = {Mobile Manipulation in Unstructured Environments: Perception, Planning, and Execution},
   journal = {IEEE Robotics & Automation Magazine},
   volume = {19},
   number = {2},
   pages = {58-71},
   ISSN = {1070-9932},
   DOI = {10.1109/MRA.2012.2191995},
   year = {2012},
   type = {Journal Article}
}

@inproceedings{RN8,
   author = {Gualtieri, Marcus and Kuczynski, James and Shultz, Abraham M and Ten Pas, Andreas and Platt, Robert and Yanco, Holly},
   title = {Open world assistive grasping using laser selection},
   booktitle = {Robotics and Automation (ICRA), 2017 IEEE International Conference on},
   publisher = {IEEE},
   pages = {4052-4057},
   ISBN = {150904633X},
   type = {Conference Proceedings}
}

@inproceedings{RN1,
   author = {Gualtieri, M. and Pas, A. ten and Saenko, K. and Platt, R.},
   title = {High precision grasp pose detection in dense clutter},
   booktitle = {2016 IEEE/RSJ International Conference on Intelligent Robots and Systems (IROS)},
   pages = {598-605},
   DOI = {10.1109/IROS.2016.7759114},
   type = {Conference Proceedings}
}

@article{RN3,
   author = {LeCun, Yann and Bottou, Léon and Bengio, Yoshua and Haffner, Patrick},
   title = {Gradient-based learning applied to document recognition},
   journal = {Proceedings of the IEEE},
   volume = {86},
   number = {11},
   pages = {2278-2324},
   ISSN = {0018-9219},
   year = {1998},
   type = {Journal Article}
}

@inproceedings{RN4,
   author = {Maturana, D. and Scherer, S.},
   title = {VoxNet: A 3D Convolutional Neural Network for real-time object recognition},
   booktitle = {2015 IEEE/RSJ International Conference on Intelligent Robots and Systems (IROS)},
   pages = {922-928},
   DOI = {10.1109/IROS.2015.7353481},
   type = {Conference Proceedings}
}

@inproceedings{RN7,
   author = {Su, Hang and Maji, Subhransu and Kalogerakis, Evangelos and Learned-Miller, Erik},
   title = {Multi-view convolutional neural networks for 3d shape recognition},
   booktitle = {Proceedings of the IEEE international conference on computer vision},
   pages = {945-953},
   type = {Conference Proceedings}
}

@article{RN6,
   author = {ten Pas, Andreas and Gualtieri, Marcus and Saenko, Kate and Platt, Robert},
   title = {Grasp Pose Detection in Point Clouds},
   journal = {The International Journal of Robotics Research},
   volume = {36},
   number = {13-14},
   pages = {1455-1473},
   ISSN = {0278-3649},
   DOI = {10.1177/0278364917735594},
   url = {https://doi.org/10.1177/0278364917735594},
   year = {2017},
   type = {Journal Article}
}

